@article{jerome,
	author = {Jerome Friedman and Trevor Hastie and Robert Tibshirani},
	title = {Regularization Paths for Generalized Linear Models via Coordinate Descent},
	journaltitle = {Journal of Statistical Software},
	year = {2010},
	OPTdoi = {10.18637/jss.v033.i01}
}
